<record><leader>00000cas a22000007a 4500</leader><controlfield tag="001">1695329</controlfield><controlfield tag="008">751012d19031909mnuwr ne      0    0eng d</controlfield><datafield ind1=" " ind2=" " tag="010"><subfield code="a">sn 89064083 </subfield></datafield><datafield ind1=" " ind2=" " tag="040"><subfield code="a">MUL</subfield><subfield code="b">eng</subfield><subfield code="c">MUL</subfield><subfield code="d">MN#</subfield><subfield code="d">OCLCQ</subfield><subfield code="d">OCLCO</subfield></datafield><datafield ind1=" " ind2=" " tag="042"><subfield code="a">msc</subfield></datafield><datafield ind1=" " ind2=" " tag="043"><subfield code="a">n-us-mn</subfield></datafield><datafield ind1=" " ind2=" " tag="052"><subfield code="a">4144</subfield><subfield code="b">L39</subfield><subfield code="b">B23</subfield></datafield><datafield ind1=" " ind2=" " tag="052"><subfield code="a">4143</subfield><subfield code="b">L3</subfield></datafield><datafield ind1="0" ind2="4" tag="245"><subfield code="a">The Lake County advocate.</subfield></datafield><datafield ind1=" " ind2=" " tag="260"><subfield code="a">Lax Lake, Lake County, Minn. :</subfield><subfield code="b">Julia A. Wood,</subfield><subfield code="c">-1909.</subfield></datafield><datafield ind1=" " ind2=" " tag="300"><subfield code="a">v.</subfield></datafield><datafield ind1=" " ind2=" " tag="310"><subfield code="a">Weekly</subfield></datafield><datafield ind1="1" ind2=" " tag="362"><subfield code="a">Began in Oct. 1903.</subfield></datafield><datafield ind1="0" ind2=" " tag="362"><subfield code="a">-v. 7, no. 8 (Nov. 27, 1909).</subfield></datafield><datafield ind1=" " ind2=" " tag="500"><subfield code="a">"Formerly published at Beaver Bay" on bannerhead.</subfield></datafield><datafield ind1=" " ind2=" " tag="530"><subfield code="a">Available on microfilm from the Minnesota Historical Society.</subfield></datafield><datafield ind1=" " ind2=" " tag="588"><subfield code="a">Description based on: Vol. 4, no. 20 (Feb. 23, 1907).</subfield></datafield><datafield ind1=" " ind2="0" tag="651"><subfield code="a">Beaver Bay (Minn.)</subfield><subfield code="v">Newspapers.</subfield></datafield><datafield ind1=" " ind2="0" tag="651"><subfield code="a">Lax Lake (Minn.)</subfield><subfield code="v">Newspapers.</subfield></datafield><datafield ind1=" " ind2=" " tag="752"><subfield code="a">United States</subfield><subfield code="b">Minnesota</subfield><subfield code="c">Lake</subfield><subfield code="d">Beaver Bay.</subfield></datafield><datafield ind1=" " ind2=" " tag="752"><subfield code="a">United States</subfield><subfield code="b">Minnesota</subfield><subfield code="c">Lake</subfield><subfield code="d">Lax Lake.</subfield></datafield><datafield ind1="0" ind2="7" tag="785"><subfield code="t">Two Harbors iron port (Two Harbors, Minn. : 1908)</subfield><subfield code="w">(DLC)sn 90059014</subfield></datafield><datafield ind1="0" ind2="7" tag="785"><subfield code="t">Two Harbors iron port-advocate</subfield><subfield code="w">(DLC)sn 89064088</subfield></datafield></record>